@misc{clsguide,
    author    = "{The {\LaTeX}3 Project}",
    title     = "{\LaTeXe} for class and package writers",
    year      = "2006"
}